Report Date,2019-06-30 00:00:00,2019-09-30 00:00:00,2019-12-31 00:00:00,2020-03-31 00:00:00,2020-06-30 00:00:00,2020-09-30 00:00:00,2020-12-31 00:00:00,2021-03-31 00:00:00,2021-06-30 00:00:00,2021-09-30 00:00:00,Company_Name
Sales,,,,,,,,,3.9,40.08,ORISSAMINE
Expenses,20.14,13.06,10.98,9.44,8.03,11.67,10.3,6.35,11.18,17.17,ORISSAMINE
Other Income,6.41,6.11,6.75,9.95,2.96,2.76,4.86,7.21,1.17,1.6,ORISSAMINE
Depreciation,3.73,3.73,3.73,-8.69,0.54,0.58,0.51,0.49,0.99,0.49,ORISSAMINE
Interest,2.19,3.58,7.26,8.43,8.1,8.26,8.07,7.31,8.12,6.92,ORISSAMINE
Profit before tax,-19.65,-14.26,-15.22,0.77,-13.71,-17.75,-14.02,-6.94,-15.22,17.1,ORISSAMINE
Tax,1.16,-1.16,-0.7,29.03,2.15,-0.4,-0.24,-14.27,2.21,0.13,ORISSAMINE
Net profit,-20.81,-13.1,-14.52,-28.27,-15.86,-17.35,-13.77,7.33,-17.43,16.97,ORISSAMINE
Operating Profit,-20.14,-13.06,-10.98,-9.44,-8.03,-11.67,-10.3,-6.35,-7.28,22.91,ORISSAMINE
