Report Date,2019-06-30 00:00:00,2019-09-30 00:00:00,2019-12-31 00:00:00,2020-03-31 00:00:00,2020-06-30 00:00:00,2020-09-30 00:00:00,2020-12-31 00:00:00,2021-03-31 00:00:00,2021-06-30 00:00:00,2021-09-30 00:00:00,Company_Name
Sales,,11.0,,,,,,,,,UJJIVAN
Expenses,1.67,2.45,1.84,5.08,1.18,1.32,1.17,0.87,1.1,0.98,UJJIVAN
Other Income,2.53,2.63,2.58,2.51,2.48,2.43,1.84,1.7,1.71,1.65,UJJIVAN
Depreciation,0.01,0.01,0.01,0.01,,,,,,,UJJIVAN
Interest,,,,,,,,,,,UJJIVAN
Profit before tax,0.85,11.17,0.73,-2.58,1.3,1.11,0.67,0.83,0.61,0.67,UJJIVAN
Tax,0.32,0.36,0.39,0.29,0.33,0.24,0.17,0.21,0.15,0.24,UJJIVAN
Net profit,0.53,10.81,0.35,-2.87,0.97,0.87,0.5,0.62,0.46,0.43,UJJIVAN
Operating Profit,-1.67,8.55,-1.84,-5.08,-1.18,-1.32,-1.17,-0.87,-1.1,-0.98,UJJIVAN
