Report Date,2019-06-30 00:00:00,2019-09-30 00:00:00,2019-12-31 00:00:00,2020-03-31 00:00:00,2020-06-30 00:00:00,2020-09-30 00:00:00,2020-12-31 00:00:00,2021-03-31 00:00:00,2021-06-30 00:00:00,2021-09-30 00:00:00,Company_Name
Sales,,,,0.23,0.9,,,-0.07,,,UNIENTER
Expenses,0.55,1.35,0.61,1.44,1.4,0.55,0.52,1.44,0.78,0.66,UNIENTER
Other Income,0.76,21.21,1.8,0.41,0.76,23.96,0.73,1.05,5.63,49.84,UNIENTER
Depreciation,0.01,0.01,0.01,0.01,0.01,0.01,0.01,0.01,0.01,0.01,UNIENTER
Interest,,,,,,,,,,,UNIENTER
Profit before tax,0.2,19.85,1.18,-0.81,0.25,23.4,0.2,-0.47,4.84,49.17,UNIENTER
Tax,0.06,0.15,0.07,0.07,,0.01,0.15,-1.21,-2.8,1.99,UNIENTER
Net profit,0.15,19.7,1.11,-0.88,0.25,23.4,0.06,0.74,7.65,47.19,UNIENTER
Operating Profit,-0.55,-1.35,-0.61,-1.21,-0.5,-0.55,-0.52,-1.51,-0.78,-0.66,UNIENTER
